=LDR  02688 as a2200721 a 4500
=001  015441881
=003  Uk
=005  20140509174706.0
=007  ta
=008  091208c20119999enktr\p\\\\\\\0\\\a0eng\\
=015  \\$aGBB141745$2bnb
=022  0\$a2042-6763$202
=040  \\$aUk$beng$cUk
=042  \\$aukblsr$aissnuk
=082  04$a658.8$222
=222  \0$aJournal of social marketing$b(Print)
=245  00$aJournal of social marketing.
=260  \\$aBingley :$bEmerald Group,$c2011-
=300  \\$av. :$bill. ;$c24 cm.
=310  \\$aThree issues yearly
=336  \\$atext$2rdacontent
=337  \\$aunmediated$2rdamedia
=338  \\$avolume$2rdacarrier
=362  0\$aVol. 1, no. 1 (2011)-
=540  \\$aCurrent copyright fee: GBP30.00$c25\0$5Uk
=590  \\$aRoute FAILED DSC EXTENDED searches to Records Team
=650  \0$aSocial marketing$vPeriodicals.
=690  7\$aManagement and Business Studies$2blcoll
=776  0\$tJournal of social marketing (Online)$x2042-6771
=852  41$aBritish Library$bHMNTS$jZC.9.a.8801$3Vol. 1, no. 1 (2011)-v. 3, no. 3 (2013)***Title now taken as electronic copy
=856  \\$31850-9999$uhttp://www.emeraldinsight.com/$xBLDSS
=859  \\$aELD$bejournal
=945  \\$aJournal of social marketing
=979  \\$aBritish Library$bDSC$j5064.764001N
=ACF  \\$aPrevious copyright fee: GBP15.00$c25\0$e30-dec-2010$fGBP15.00$g0$hP$5Uk
=CAT  \\$a11313$b40$c20091208$lBLL01$h1412
=CAT  \\$a5763$b40$c20101230$lBLL01$h1212
=CAT  \\$a5552$b40$c20110104$lBLL01$h1330
=CAT  \\$a10997$b40$c20110324$lBLL01$h1350
=CAT  \\$a11316$b40$c20110330$lBLL01$h1113
=CAT  \\$a8464$b40$c20110406$lBLL01$h0938
=CAT  \\$aBATCH-MBS$c20120224$lBLL01$h2113
=CAT  \\$aWR13.050$c20130324$lBLL01$h1445
=CAT  \\$aBATCH-UPD$b00$c20130904$lBLL01$h1927
=CAT  \\$aIPL-CLA$c20130930$lBLL01$h1805
=CAT  \\$a11316$b40$c20131220$lBLL01$h1124
=CAT  \\$a14112$b40$c20140107$lBLL01$h1531
=CAT  \\$a11433$b40$c20140509$lBLL01$h1747
=CAT  \\$aBLDSS-3PM$b00$c20141121$lBLL01$h1853
=CAT  \\$aBATCH-UPD$b00$c20151109$lBLL01$h1747
=CAT  \\$aIPL-CLA$c20151109$lBLL01$h1813
=CAT  \\$aBATCH-UPD$b00$c20160413$lBLL01$h1824
=CAT  \\$aW1711-1005$c20171206$lBLL01$h1822
=CFI  0\$aCurrent copyright fee: GBP30.00$c25\0$e09-nov-2015$fGBP30.00$g0$hP$5Uk
=CFI  2\$aPrevious copyright fee: GBP20.00$c25\0$e01-oct-2013$fGBP20.00$g0$hP$5Uk
=FFP  \\$aY$bBLDSS-3PM
=FIN  \\$aY$d20110330
=FMT  \\$a  SE
=LAS  \\$aW1711-1005$b00$c20171206$lBLL01$h1822
=LET  \0$aJournal of social marketing (Print)
=TCO  \\$aCLA$bCLA$c008
=TOC  \\$aETOC
=UNO  \\$aY

